@misc{nodejs,
  title = {{NodeJS Documentation}},
  howpublished = {\url{https://nodejs.org/es/docs}},
  note = {último acceso: \today}
}

@misc{sequelize,
  title = {{Sequelize Documentation}},
  howpublished = {\url{https://sequelize.org/master}},
  note = {último acceso: \today}
}

@misc{ionic,
  title = {{Ionic Documentation}},
  howpublished = {\url{https://ionicframework.com/docs}},
  note = {último acceso: \today}
}

@misc{ionic-react-chartsjs,
  title = {{Ionic React Chart Documentation}},
  howpublished = {\url{https://github.com/reactchartjs/react-chartjs-2}},
  note = {último acceso: \today}
}

@misc{mysql,
  title = {{MySQL Documentation}},
  howpublished = {\url{https://dev.mysql.com/doc/refman/5.7/en}},
  note = {último acceso: \today}
}

@misc{docker,
  title = {{Docker Documentation}},
  howpublished = {\url{https://docs.docker.com}},
  note = {último acceso: \today}
}

@misc{docker-compose,
  title = {{Docker Compose Documentation}},
  howpublished = {\url{https://docs.docker.com/compose}},
  note = {último acceso: \today}
}

@misc{espertech,
  title = {{Esper Documentation}},
  howpublished = {\url{https://www.espertech.com/esper/esper-documentation}},
  note = {último acceso: \today}
}